<?xml version="1.0" encoding="UTF-8"?><record xmlns="http://www.loc.gov/MARC21/slim" xmlns:cinclude="http://apache.org/cocoon/include/1.0" xmlns:zs="http://www.loc.gov/zing/srw/">
  <leader>00500nz  a2200145n  4500</leader>
  <controlfield tag="001">no2011173477</controlfield>
  <controlfield tag="003">DLC</controlfield>
  <controlfield tag="005">20111111075047.0</controlfield>
  <controlfield tag="008">111108n| azannaabn          |a aaa     c</controlfield>
  <datafield tag="010" ind1=" " ind2=" ">
    <subfield code="a">no2011173477</subfield>
  </datafield>
  <datafield tag="035" ind1=" " ind2=" ">
    <subfield code="a">(OCoLC)oca09029782</subfield>
  </datafield>
  <datafield tag="040" ind1=" " ind2=" ">
    <subfield code="a">CSt</subfield>
    <subfield code="b">eng</subfield>
    <subfield code="c">CSt</subfield>
    <subfield code="e">rda</subfield>
  </datafield>
  <datafield tag="100" ind1="1" ind2=" ">
    <subfield code="a">Chaﾌ」ez Villacreses, Adriana</subfield>
  </datafield>
  <datafield tag="400" ind1="1" ind2=" ">
    <subfield code="a">Villacreses, Adriana Chaﾌ」ez</subfield>
  </datafield>
  <datafield tag="670" ind1=" " ind2=" ">
    <subfield code="a">Joaquiﾌ］ Pinto, 2011:</subfield>
    <subfield code="b">p. facing t.p. (Adriana Chaﾌ」ez Villacreses) p. 133 (Investigadora del Centro Cultural Metropolitano [Quito, Ecuador])</subfield>
  </datafield>
</record>